<record><leader>00000cas a2200000 a 4500</leader><controlfield tag="001">11742368</controlfield><controlfield tag="008">850227d18791880ksuwr ne      0   a0eng d</controlfield><controlfield tag="009">3789</controlfield><datafield ind1=" " ind2=" " tag="010"><subfield code="a">sn 84030165 </subfield></datafield><datafield ind1=" " ind2=" " tag="040"><subfield code="a">KSH</subfield><subfield code="b">eng</subfield><subfield code="c">KSH</subfield><subfield code="d">NPT</subfield><subfield code="d">DLC</subfield><subfield code="d">OCL</subfield></datafield><datafield ind1=" " ind2=" " tag="042"><subfield code="a">msc</subfield></datafield><datafield ind1="0" ind2="4" tag="245"><subfield code="a">The Eureka sun.</subfield></datafield><datafield ind1=" " ind2=" " tag="260"><subfield code="a">Eureka, Kan. :</subfield><subfield code="b">W.E. Doud,</subfield><subfield code="c">1879-1880.</subfield></datafield><datafield ind1=" " ind2=" " tag="300"><subfield code="a">2 v. ;</subfield><subfield code="c">64 cm.</subfield></datafield><datafield ind1=" " ind2=" " tag="310"><subfield code="a">Weekly</subfield></datafield><datafield ind1="0" ind2=" " tag="362"><subfield code="a">Vol. 1, no. 1 (May 30, 1879)-v. 2, no. 24 (Nov. 5, 1880).</subfield></datafield><datafield ind1=" " ind2=" " tag="752"><subfield code="a">United States</subfield><subfield code="b">Kansas</subfield><subfield code="c">Greenwood</subfield><subfield code="d">Eureka.</subfield></datafield><datafield ind1="0" ind2="0" tag="785"><subfield code="t">Greenwood County republican</subfield><subfield code="w">(DLC)sn 84030205</subfield></datafield></record>